<record><leader>00000cas a2200000 a 4500</leader><controlfield tag="001">9225867</controlfield><controlfield tag="008">830215d18271829mauwr ne      0    0eng c</controlfield><datafield ind1=" " ind2=" " tag="010"><subfield code="a">sn 83020024 </subfield></datafield><datafield ind1=" " ind2=" " tag="040"><subfield code="a">NPX</subfield><subfield code="b">eng</subfield><subfield code="c">NPX</subfield><subfield code="d">DLC</subfield><subfield code="d">MGN</subfield><subfield code="d">HLS</subfield><subfield code="d">DLC</subfield><subfield code="d">KRTAS</subfield><subfield code="d">OCLCQ</subfield><subfield code="d">OCLCF</subfield><subfield code="d">OCLCO</subfield></datafield><datafield ind1="1" ind2=" " tag="029"><subfield code="a">AU@</subfield><subfield code="b">000020395891</subfield></datafield><datafield ind1=" " ind2=" " tag="042"><subfield code="a">pcc</subfield></datafield><datafield ind1=" " ind2=" " tag="043"><subfield code="a">n-us-ma</subfield></datafield><datafield ind1="0" ind2="0" tag="050"><subfield code="a">Newspaper 8163</subfield></datafield><datafield ind1="0" ind2=" " tag="130"><subfield code="a">Freedom's sentinel (Athol, Mass.)</subfield></datafield><datafield ind1="1" ind2="0" tag="245"><subfield code="a">Freedom's sentinel.</subfield></datafield><datafield ind1=" " ind2=" " tag="260"><subfield code="a">Athol, Mass. :</subfield><subfield code="b">Alonzo Rawson,</subfield><subfield code="c">1827-1829.</subfield></datafield><datafield ind1=" " ind2=" " tag="300"><subfield code="a">2 v. ;</subfield><subfield code="c">52 cm.</subfield></datafield><datafield ind1=" " ind2=" " tag="310"><subfield code="a">Weekly</subfield></datafield><datafield ind1="0" ind2=" " tag="362"><subfield code="a">Vol. 1, no. 1 (Dec. 18, 1827)-v. 2, no. 52 (Dec. 14, 1829) = no. 1-104.</subfield></datafield><datafield ind1=" " ind2=" " tag="500"><subfield code="a">Editor: Alonzo Rawson.</subfield></datafield><datafield ind1=" " ind2=" " tag="530"><subfield code="a">Also issued on microfilm from the Library of Congress, Photoduplication Service.</subfield></datafield><datafield ind1=" " ind2="0" tag="651"><subfield code="a">Athol (Mass.)</subfield><subfield code="v">Newspapers.</subfield></datafield><datafield ind1=" " ind2="7" tag="655"><subfield code="a">Newspapers.</subfield><subfield code="2">fast</subfield><subfield code="0">(OCoLC)fst01423814</subfield></datafield><datafield ind1=" " ind2="7" tag="651"><subfield code="a">Massachusetts</subfield><subfield code="z">Athol.</subfield><subfield code="2">fast</subfield><subfield code="0">(OCoLC)fst01232936</subfield></datafield><datafield ind1="1" ind2=" " tag="700"><subfield code="a">Rawson, Alonzo.</subfield></datafield><datafield ind1=" " ind2=" " tag="752"><subfield code="a">United States</subfield><subfield code="b">Massachusetts</subfield><subfield code="c">Worcester</subfield><subfield code="d">Athol.</subfield></datafield><datafield ind1="0" ind2="0" tag="785"><subfield code="t">Freedom's sentinel (Greenfield, Mass.)</subfield><subfield code="w">(DLC)sn 83021076</subfield><subfield code="w">(OCoLC)9769546</subfield></datafield><datafield ind1=" " ind2=" " tag="938"><subfield code="a">Kirtas Technologies, Inc.</subfield><subfield code="b">KRTS</subfield><subfield code="n">736166</subfield></datafield></record>